<?xml version="1.0" encoding="UTF-8"?><collection xmlns="http://www.loc.gov/MARC21/slim"><record><leader>00571nam--2200193-i-4500</leader><controlfield tag="001">000030657</controlfield><controlfield tag="002">20161230</controlfield><controlfield tag="005">20161230201038</controlfield><controlfield tag="008">060222s1000------------r-----000-0-eng-d</controlfield><datafield ind1=" " ind2=" " tag="040"><subfield code="a">IFIN-HH</subfield></datafield><datafield ind1=" " ind2=" " tag="080"><subfield code="a">537.222.22:538.9</subfield></datafield><datafield ind1="1" ind2=" " tag="100"><subfield code="a">Gutmann, Felix</subfield></datafield><datafield ind1="1" ind2="0" tag="245"><subfield code="a">Organic semiconductors</subfield><subfield code="c">Felix gutmann, lawrence e. lyons</subfield></datafield><datafield ind1=" " ind2=" " tag="260"><subfield code="a">New York</subfield><subfield code="b">John Wiley &amp; Sons, Inc</subfield><subfield code="c">1967</subfield></datafield><datafield ind1=" " ind2=" " tag="300"><subfield code="a">XVII + 858P</subfield></datafield><datafield ind1=" " ind2=" " tag="490"><subfield code="a">Wiley Series On The Science And Technology Of Materials</subfield></datafield><datafield ind1="1" ind2=" " tag="700"><subfield code="a">Lyons, Lawrence E</subfield></datafield><datafield ind1=" " ind2=" " tag="852"><subfield code="a">27001</subfield><subfield code="c">537.311.33</subfield></datafield><datafield ind1=" " ind2=" " tag="CAT"><subfield code="a">Sys</subfield><subfield code="c">20110720</subfield><subfield code="h">133820</subfield></datafield></record></collection>